111111111111111111111111111111111111111111111111111111
1222222222222222222222222222222222222222222222222222222
3333333333333333333333333333333333333333333333333333333
4444444444444444444444444444444444444444444444444444444
5555555555555555555555555555555555555555555555555555555
╨╡╨╡╨╡╨╡╨╡╨╡╨╡╨╡╨╡╨╡╨╡╨╡╨╡╨╡╨╡╨╡╨╡╨╡╨╡╨╡╨╡╨╡╨╡╨╡╨╡╨╡╨╡╨╡╨╡╨╡╨╡╨╡╨╡╨╡╨╡╨╡╨╡╨╡╨╡╨╡╨╡╨╡╨╡╨╡╨╡╨╡╨╡╨╡╨╡╨╡╨╡╨╡╨╡╨╡╨╡
yyyyyyyyyyyyyyyyyyyyyyyyyyyyyyyyyyyyyyyyyyyyyyyyyyyyyyy